---
---

@article{Ripley:2023qxo,
    author = "Ripley, Justin L. and Hegade K. R., Abhishek and Yunes, Nicolas",
    title = "{Probing internal dissipative processes of neutron stars with gravitational waves during the inspiral of neutron star binaries}",
    eprint = "2306.15633",
    archivePrefix = "arXiv",
    primaryClass = "gr-qc",
    month = "6",
    year = "2023"
}

@article{HegadeKR:2023glb,
    author = "Hegade K. R., Abhishek and Ripley, Justin L. and Yunes, Nicol\'as",
    title = "{Nonrelativistic limit of first-order relativistic viscous fluids}",
    eprint = "2305.09725",
    archivePrefix = "arXiv",
    primaryClass = "gr-qc",
    doi = "10.1103/PhysRevD.107.124029",
    journal = "Phys. Rev. D",
    volume = "107",
    number = "12",
    pages = "124029",
    year = "2023"
}

@article{Evstafyeva:2022rve,
    author = "Evstafyeva, Tamara and Agathos, Michalis and Ripley, Justin L.",
    title = "{Measuring the ringdown scalar polarization of gravitational waves in Einstein-scalar-Gauss-Bonnet gravity}",
    eprint = "2212.11359",
    archivePrefix = "arXiv",
    primaryClass = "gr-qc",
    doi = "10.1103/PhysRevD.107.124010",
    journal = "Phys. Rev. D",
    volume = "107",
    number = "12",
    pages = "124010",
    year = "2023"
}

@article{R:2022hlf,
    author = "R, Abhishek Hegade K. and Ripley, Justin L. and Yunes, Nicol\'as",
    title = "{Where and why does Einstein-scalar-Gauss-Bonnet theory break down?}",
    eprint = "2211.08477",
    archivePrefix = "arXiv",
    primaryClass = "gr-qc",
    doi = "10.1103/PhysRevD.107.044044",
    journal = "Phys. Rev. D",
    volume = "107",
    number = "4",
    pages = "044044",
    year = "2023"
}

@article{Corman:2022xqg,
    author = "Corman, Maxence and Ripley, Justin L. and East, William E.",
    title = "{Nonlinear studies of binary black hole mergers in Einstein-scalar-Gauss-Bonnet gravity}",
    eprint = "2210.09235",
    archivePrefix = "arXiv",
    primaryClass = "gr-qc",
    doi = "10.1103/PhysRevD.107.024014",
    journal = "Phys. Rev. D",
    volume = "107",
    number = "2",
    pages = "024014",
    year = "2023"
}

@article{Ripley:2022cdh,
    author = "Ripley, Justin L.",
    title = "{Numerical relativity for Horndeski gravity}",
    eprint = "2207.13074",
    archivePrefix = "arXiv",
    primaryClass = "gr-qc",
    doi = "10.1142/S0218271822300178",
    journal = "Int. J. Mod. Phys. D",
    volume = "31",
    number = "13",
    pages = "2230017",
    year = "2022"
}

@article{Pandya:2022cso,
    author = "Pandya, Alex and Ripley, Justin L.",
    title = "{Dynamics of a nonminimally coupled scalar field in asymptotically AdS $_{4}$ spacetime}",
    eprint = "2206.08854",
    archivePrefix = "arXiv",
    primaryClass = "gr-qc",
    doi = "10.1088/1361-6382/ac9723",
    journal = "Class. Quant. Grav.",
    volume = "39",
    number = "21",
    pages = "215018",
    year = "2022"
}

@article{Corman:2022rqo,
    author = "Corman, Maxence and East, William E. and Ripley, Justin L.",
    title = "{Evolution of black holes through a nonsingular cosmological bounce}",
    eprint = "2206.08466",
    archivePrefix = "arXiv",
    primaryClass = "gr-qc",
    doi = "10.1088/1475-7516/2022/09/063",
    journal = "JCAP",
    volume = "09",
    pages = "063",
    year = "2022"
}

@article{Ripley:2022ypi,
    author = "Ripley, Justin L.",
    title = "{Computing the quasinormal modes and eigenfunctions for the Teukolsky equation using horizon penetrating, hyperboloidally compactified coordinates}",
    eprint = "2202.03837",
    archivePrefix = "arXiv",
    primaryClass = "gr-qc",
    doi = "10.1088/1361-6382/ac776d",
    journal = "Class. Quant. Grav.",
    volume = "39",
    number = "14",
    pages = "145009",
    year = "2022"
}

@article{Radia:2021smk,
    author = "Radia, Miren and Sperhake, Ulrich and Drew, Amelia and Clough, Katy and Figueras, Pau and Lim, Eugene A. and Ripley, Justin L. and Aurrekoetxea, Josu C. and Fran\c{c}a, Tiago and Helfer, Thomas",
    title = "{Lessons for adaptive mesh refinement in numerical relativity}",
    eprint = "2112.10567",
    archivePrefix = "arXiv",
    primaryClass = "gr-qc",
    reportNumber = "KCL-PH-TH/2021-89",
    doi = "10.1088/1361-6382/ac6fa9",
    journal = "Class. Quant. Grav.",
    volume = "39",
    number = "13",
    pages = "135006",
    year = "2022"
}

@article{Andrade:2021rbd,
    author = "Andrade, Tomas and others",
    title = "{GRChombo: An adaptable numerical relativity code for fundamental physics}",
    eprint = "2201.03458",
    archivePrefix = "arXiv",
    primaryClass = "gr-qc",
    doi = "10.21105/joss.03703",
    journal = "J. Open Source Softw.",
    volume = "6",
    number = "68",
    pages = "3703",
    year = "2021"
}

@article{East:2021bqk,
    author = "East, William E. and Ripley, Justin L.",
    title = "{Dynamics of Spontaneous Black Hole Scalarization and Mergers in Einstein-Scalar-Gauss-Bonnet Gravity}",
    eprint = "2105.08571",
    archivePrefix = "arXiv",
    primaryClass = "gr-qc",
    doi = "10.1103/PhysRevLett.127.101102",
    journal = "Phys. Rev. Lett.",
    volume = "127",
    number = "10",
    pages = "101102",
    year = "2021"
}

@article{Ripley:2021wyy,
    author = "Ripley, Justin L.",
    title = "{A symmetric hyperbolic formulation of the vacuum Einstein equations in affine-null coordinates}",
    eprint = "2104.09972",
    archivePrefix = "arXiv",
    primaryClass = "gr-qc",
    doi = "10.1063/5.0055561",
    journal = "J. Math. Phys.",
    volume = "62",
    number = "6",
    pages = "062501",
    year = "2021"
}

@article{East:2020hgw,
    author = "East, William E. and Ripley, Justin L.",
    title = "{Evolution of Einstein-scalar-Gauss-Bonnet gravity using a modified harmonic formulation}",
    eprint = "2011.03547",
    archivePrefix = "arXiv",
    primaryClass = "gr-qc",
    doi = "10.1103/PhysRevD.103.044040",
    journal = "Phys. Rev. D",
    volume = "103",
    number = "4",
    pages = "044040",
    year = "2021"
}

@article{Ripley:2020xby,
    author = "Ripley, Justin L. and Loutrel, Nicholas and Giorgi, Elena and Pretorius, Frans",
    title = "{Numerical computation of second order vacuum perturbations of Kerr black holes}",
    eprint = "2010.00162",
    archivePrefix = "arXiv",
    primaryClass = "gr-qc",
    doi = "10.1103/PhysRevD.103.104018",
    journal = "Phys. Rev. D",
    volume = "103",
    pages = "104018",
    year = "2021"
}

@article{Loutrel:2020wbw,
    author = "Loutrel, Nicholas and Ripley, Justin L. and Giorgi, Elena and Pretorius, Frans",
    title = "{Second Order Perturbations of Kerr Black Holes: Reconstruction of the Metric}",
    eprint = "2008.11770",
    archivePrefix = "arXiv",
    primaryClass = "gr-qc",
    doi = "10.1103/PhysRevD.103.104017",
    journal = "Phys. Rev. D",
    volume = "103",
    number = "10",
    pages = "104017",
    year = "2021"
}

@article{Ripley:2020vpk,
    author = "Ripley, Justin L. and Pretorius, Frans",
    title = "{Dynamics of a $\mathbb Z_2$ symmetric EdGB gravity in spherical symmetry}",
    eprint = "2005.05417",
    archivePrefix = "arXiv",
    primaryClass = "gr-qc",
    doi = "10.1088/1361-6382/ab9bbb",
    journal = "Class. Quant. Grav.",
    volume = "37",
    number = "15",
    pages = "155003",
    year = "2020"
}

@phdthesis{Ripley:2020yrx,
    author = "Ripley, Justin Lloyd",
    title = "{General relativity and its classical modification in gravitational collapse}",
    school = "Princeton U.",
    year = "2020"
}

@article{Ripley:2019aqj,
    author = "Ripley, Justin L. and Pretorius, Frans",
    title = "{Scalarized Black Hole dynamics in Einstein dilaton Gauss-Bonnet Gravity}",
    eprint = "1911.11027",
    archivePrefix = "arXiv",
    primaryClass = "gr-qc",
    doi = "10.1103/PhysRevD.101.044015",
    journal = "Phys. Rev. D",
    volume = "101",
    number = "4",
    pages = "044015",
    year = "2020"
}

@article{Ripley:2019tzx,
    author = "Ripley, Justin L.",
    title = "{Excision and avoiding the use of boundary conditions in numerical relativity}",
    eprint = "1908.04234",
    archivePrefix = "arXiv",
    primaryClass = "gr-qc",
    doi = "10.1088/1361-6382/ab51a7",
    journal = "Class. Quant. Grav.",
    volume = "36",
    number = "23",
    pages = "237001",
    year = "2019"
}

@article{Ripley:2019irj,
    author = "Ripley, Justin L. and Pretorius, Frans",
    title = "{Gravitational collapse in Einstein dilaton-Gauss\textendash{}Bonnet gravity}",
    eprint = "1903.07543",
    archivePrefix = "arXiv",
    primaryClass = "gr-qc",
    doi = "10.1088/1361-6382/ab2416",
    journal = "Class. Quant. Grav.",
    volume = "36",
    number = "13",
    pages = "134001",
    year = "2019"
}

@article{Ripley:2019hxt,
    author = "Ripley, Justin L. and Pretorius, Frans",
    title = "{Hyperbolicity in Spherical Gravitational Collapse in a Horndeski Theory}",
    eprint = "1902.01468",
    archivePrefix = "arXiv",
    primaryClass = "gr-qc",
    doi = "10.1103/PhysRevD.99.084014",
    journal = "Phys. Rev. D",
    volume = "99",
    number = "8",
    pages = "084014",
    year = "2019"
}

@article{Ripley:2017kqg,
    author = "Ripley, Justin L. and Yagi, Kent",
    title = "{Black hole perturbation under a 2 + 2 decomposition in the action}",
    eprint = "1705.03068",
    archivePrefix = "arXiv",
    primaryClass = "gr-qc",
    doi = "10.1103/PhysRevD.97.024009",
    journal = "Phys. Rev. D",
    volume = "97",
    number = "2",
    pages = "024009",
    year = "2018"
}

@article{Ijjas:2016pad,
    author = "Ijjas, Anna and Ripley, Justin and Steinhardt, Paul J.",
    title = "{NEC violation in mimetic cosmology revisited}",
    eprint = "1604.08586",
    archivePrefix = "arXiv",
    primaryClass = "gr-qc",
    doi = "10.1016/j.physletb.2016.06.052",
    journal = "Phys. Lett. B",
    volume = "760",
    pages = "132--138",
    year = "2016"
}

@article{Ripley:2013eca,
    author = "Ripley, Justin L. and Metzger, Brian D. and Arcones, Almudena and Martinez-Pinedo, Gabriel",
    title = "{X-ray Decay Lines from Heavy Nuclei in Supernova Remnants as a Probe of the r-Process Origin and the Birth Periods of Magnetars}",
    eprint = "1310.2950",
    archivePrefix = "arXiv",
    primaryClass = "astro-ph.HE",
    doi = "10.1093/mnras/stt2434",
    journal = "Mon. Not. Roy. Astron. Soc.",
    volume = "438",
    number = "4",
    pages = "3243--3254",
    year = "2014"
}
